% Encoding: UTF-8

@Article{article:ley_de_moore,
  author  = {Gordon E. Moore},
  title   = {Cramming more components onto integrated circuits},
  journal = {Electronics},
  year    = {1965},
  volume  = {38},
  number  = {8},
  pages   = {5},
  month   = {apr},
}

@Book{book:design_rijndael,
  title     = {The Design of RijndaeL: AES - The Advanced Encryption Standard (Information Security and Cryptography)},
  publisher = {Springer},
  year      = {2002},
  author    = {Joan Daemen and Vincent Rijmen},
  isbn      = {3540425802},
}

@Manual{report:RFC_2315,
  title        = {PKCS \#7: Cryptographic Message Syntax Version 1.5},
  author       = {B. Kaliski},
  month        = {mar},
  year         = {1998},
  doi          = {10.17487/rfc2315},
  howpublished = {Internet Requests for Comments},
  institution  = {NIST/OSI},
  issn         = {2070-1721},
  number       = {2315},
  publisher    = {IETF},
  type         = {RFC},
}

@Manual{report:FIPS_197,
  title                = {Advanced Encryption Standard (AES)},
  author               = {Federal Information},
  month                = {nov},
  year                 = {2001},
  citeulike-article-id = {2470825},
  keywords             = {bibtex-import},
  posted-at            = {2008-03-05 09:38:14},
}

@Misc{web:i9_vs_i7,
  author = {UserBenchmark},
  title  = {i9-9900k vs i7-3770},
  year   = {2018},
  note   = {Consultado el 10 de Diciembre de 2018},
  url    = {https://cpu.userbenchmark.com/Compare/Intel-Core-i9-9900K-vs-Intel-Core-i7-3770/4028vs1979},
}

@Misc{web:aplicaciones_aes,
  author = {Daemen Joan, Rijmen Vincent},
  title  = {AES implementations},
  year   = {2015},
  note   = {Consultado el 10 de Diciembre de 2018},
  url    = {https://wikipedia.org/wiki/AES_implementations},
}

@Misc{report:parallel_computing_illinois,
  author      = {Sarita V. Adve and Vikram S. Adve and Gul Agha and Matthew I. Frank and María Jesús Garzarán and John C. Hart and Wen-mei W. Hwu and Ralph E. Johnson and Laxmikant V. Kale and Rakesh Kumar and Darko Marinov and Klara Nahrstedt and David Padua and Madhusudan Parthasarathy and Sanjay J. Patel and Grigore Rosu and Dan Roth and Marc Snir and Josep Torrellas and Craig Zilles},
  title       = {Parallel Computing Research at Illinois, The UPCRC Agenda},
  year        = {2008},
  institution = {University of Illinois at Urbana-Champaign},
}

@Article{article:cluster_alto_rendimiento,
  author  = {Daniel Jimenez and Andrés Medina},
  title   = {Clúster de Alto Rendimiento},
  journal = {Instituto de Electrónica Aplicada, Boletín Anual 2014, Universidad Mayor de San Andrés},
  year    = {2014},
}

@Misc{web:gpgpu,
  author = {{SuperComputing Applications and Innovation}},
  title  = {{GPGPU (General Purpose Graphics Processing Unit)}},
  year   = {2012},
  note   = {Consultado el 13 de Diciembre de 2018},
  url    = {http://www.hpc.cineca.it/content/gpgpu-general-purpose-graphics-processing-unit},
}

@Misc{web:comparacion_gddr,
  author = {ExtremeTech},
  title  = {PCIe 5.0 Arriving in 2019 With 4x More Bandwidth Than PCIe 3.0},
  year   = {2018},
  note   = {Consultado el 16 de Diciembre de 2018},
  url    = {https://www.extremetech.com/computing/250640-pci-sig-announces-plans-launch-pcie-5-0-2019-4x-bandwidth-pcie-3-0},
}

@Misc{web:comparacion_pcie,
  author = {Ryan Smith},
  title  = {Micron begins mass production of GDDR6},
  year   = {2018},
  note   = {Consultado el 16 de Diciembre de 2018},
  url    = {https://www.anandtech.com/show/13012/micron-begins-mass-production-of-gddr6},
}

@Article{standard:iso_18033,
  title        = {ISO/IEC 18033-1:2015},
  organization = {International Organization for Standardization},
  institution  = {International Electrotechnical Commission},
  author       = {{ISO/IEC JTC 1, Information technology, Subcommittee SC 27, Security techniques}},
  month        = {mar},
  year         = {2015},
}

@Misc{web:supercomputadora_summit_ibm,
  author = {IBM},
  title  = {Summit Super-Computer},
  year   = {2018},
  note   = {Consultado el 17 de Diciembre de 2018},
  url    = {http://www.dataqubo.com/encriptacion-que-tan-seguro-es-aes/},
}

@Misc{web:secure_mobile_aes_encryption,
  author = {Xmap Systems},
  title  = {Secure Mobile AES Encryption},
  year   = {2016},
  note   = {Consultado el 16 de Diciembre de 2018},
  url    = {https://xmapsystems.com/secure-mobile-aes-encryption/},
}

@Misc{web:tiempo_crack_aes,
  author = {DataQUBO},
  title  = {¿Qué tan seguro es AES?},
  year   = {2013},
  note   = {Consultado el 17 de Diciembre de 2018},
  url    = {https://www.top500.org/system/179397},
}

@TechReport{report:seguridad_europea_eeuu,
  author = {Alfonso Muñoz Muñoz},
  title  = {Seguridad Europea para EEUU. Algoritmo Criptográfico Rijndael},
  year   = {2004},
  type   = {resreport},
  month  = {sep},
}

@Misc{web:script_aes_python,
  author = {Pablo Caro},
  title  = {Python-AES},
  year   = {2013},
  note   = {Consultado el 21 de Diciembre de 2018},
  url    = {https://github.com/pcaro90/Python-AES},
}

@MastersThesis{thesis:two_hash_cuda,
  author = {Chris J. Thompson and Sahngyun Hahn and Mark Oskin},
  title  = {Using modern graphics architectures for general-purpose computing: A framework and analysis},
  school = {University of Washington},
  year   = {2009},
  type   = {mathesis},
  month  = {feb},
}

@Article{article:secret_key_gpu,
  author    = {Debra L. Cook and John Ioannidis and Angelos D. Keromytis and Jake Luck},
  title     = {{CryptoGraphics}: Secret Key Cryptography Using Graphics Cards},
  year      = {2005},
  pages     = {334--350},
  booktitle = {Lecture Notes in Computer Science},
  doi       = {https://doi.org/10.1007/978-3-540-30574-3_23},
  publisher = {Springer Berlin Heidelberg},
}

@Article{article:symmetric_key_gpu,
  author    = {Jason Yang and James Goodman},
  title     = {Symmetric Key Cryptography on Modern Graphics Hardware},
  year      = {2007},
  pages     = {249--264},
  booktitle = {Advances in Cryptology {\textendash} {ASIACRYPT} 2007},
  doi       = {https://doi.org/10.1007/978-3-540-76900-2_15},
  publisher = {Springer Berlin Heidelberg},
}

@Article{article:practical_symmetric_key_gpu,
  author  = {Owen Harrison and John Waldron},
  title   = {Practical Symmetric Key Cryptography on Modern Graphics Hardware},
  journal = {17th conference on Security symposium},
  year    = {2008},
  pages   = {195–209},
}

@Article{article:encryption_commodity_gpu,
  author    = {Owen Harrison and John Waldron},
  title     = {{AES} Encryption Implementation and Analysis on Commodity Graphics Processing Units},
  journal   = {14th international conference on World Wide Web},
  year      = {2007},
  pages     = {209--226},
  booktitle = {Cryptographic Hardware and Embedded Systems - {CHES} 2007},
  doi       = {https://doi.org/10.1007/978-3-540-74735-2_15},
  publisher = {Springer Berlin Heidelberg},
}

@Article{article:design_parallel_aes_cuda,
  author    = {Andrea Di Biagio and Alessandro Barenghi and Giovanni Agosta and Gerardo Pelosi},
  title     = {Design of a parallel {AES} for graphics hardware using the {CUDA} framework},
  year      = {2009},
  month     = {may},
  booktitle = {2009 {IEEE} International Symposium on Parallel {\&} Distributed Processing},
  doi       = {10.1109/IPDPS.2009.5161242},
  publisher = {{IEEE}},
}

@TechReport{report:fast_implementation_aes_smart_cards,
  author    = {Chi-Feng Lu and Yan-Shun Kao and Hsia-Ling Chiang and Chung-Huang Yang},
  title     = {Fast implementation of {AES} cryptographic algorithms in smart cards},
  year      = {2009},
  type      = {techreport},
  month     = {nov},
  booktitle = {{IEEE} 37th Annual 2003 International Carnahan Conference {onSecurity} Technology, 2003. Proceedings.},
  doi       = {10.1109/CCST.2003.1297622},
  publisher = {{IEEE}},
}

@Article{article:cuda_aes_hardware_accelerator,
  author    = {Svetlin A. Manavski},
  title     = {{CUDA} Compatible {GPU} as an Efficient Hardware Accelerator for {AES} Cryptography},
  year      = {2007},
  booktitle = {2007 {IEEE} International Conference on Signal Processing and Communications},
  doi       = {10.1109/ICSPC.2007.4728256},
  publisher = {{IEEE}},
}

@Article{article:exploiting_gpu_asymmetric_cryptography,
  author    = {Robert Szerwinski and Tim Güneysu},
  title     = {Exploiting the Power of {GPUs} for Asymmetric Cryptography},
  year      = {2008},
  pages     = {79--99},
  booktitle = {Cryptographic Hardware and Embedded Systems {\textendash} {CHES} 2008},
  doi       = {https://doi.org/10.1007/978-3-540-85053-3_6},
  publisher = {Springer Berlin Heidelberg},
}

@Article{article:efficient_cryptography_gpu,
  author    = {Owen Harrison and John Waldron},
  title     = {Efficient Acceleration of Asymmetric Cryptography on Graphics Hardware},
  year      = {2009},
  pages     = {350--367},
  booktitle = {Progress in Cryptology {\textendash} {AFRICACRYPT} 2009},
  doi       = {https://doi.org/10.1007/978-3-642-02384-2_22},
  publisher = {Springer Berlin Heidelberg},
}

@TechReport{article:billion_mulmod_per_second,
  author      = {Daniel J. Bernstein and Hsueh-Chung Chen and Ming-Shing Chen and Chen-Mou Cheng and Chun-Hung Hsiao and Tanja Lange and Zong-Cing Lin and Bo-Yin Yang},
  title       = {The billion-mulmod-per-second PC},
  institution = {University of Illinois at Chicago and National Taiwan University and Academia Sinica and Technische Universiteit Eindhoven},
  year        = {2009},
  type        = {techreport},
}

@InProceedings{report:2k_130_on_nvidia,
  author    = {Daniel J. Bernstein and Hsieh-Chung Chen and Chen-Mou Cheng and Tanja Lange and Ruben Niederhagen and Peter Schwabe and Bo-Yin Yang},
  title     = {{ECC}2K-130 on {NVIDIA} {GPUs}},
  booktitle = {Progress in Cryptology - {INDOCRYPT} 2010},
  year      = {2010},
  pages     = {328--346},
  publisher = {Springer Berlin Heidelberg},
  doi       = {https://doi.org/10.1007/978-3-642-17401-8_23},
}

@InProceedings{report:ecm_on_gpu,
  author    = {Daniel J. Bernstein and Tien-Ren Chen and Chen-Mou Cheng and Tanja Lange and Bo-Yin Yang},
  title     = {{ECM} on Graphics Cards},
  booktitle = {Advances in Cryptology - {EUROCRYPT} 2009},
  year      = {2009},
  pages     = {483--501},
  publisher = {Springer Berlin Heidelberg},
  doi       = {https://doi.org/10.1007/978-3-642-01001-9_28},
}

@InProceedings{report:throughput_md5_gpu,
  author    = {Guang Hu and Jianhua Ma and Benxiong Huang},
  title     = {High Throughput Implementation of {MD}5 Algorithm on {GPU}},
  booktitle = {Proceedings of the 4th International Conference on Ubiquitous Information Technologies {\&} Applications},
  year      = {2009},
  month     = {dec},
  publisher = {{IEEE}},
  doi       = {10.1109/ICUT.2009.5405734},
}

@InProceedings{article:md5_rc4_gpu_cuda,
  author    = {Changxin Li and Hongwei Wu and Shifeng Chen and Xiaochao Li and Donghui Guo},
  title     = {Efficient implementation for {MD}5-{RC}4 encryption using {GPU} with {CUDA}},
  booktitle = {2009 3rd International Conference on Anti-counterfeiting, Security, and Identification in Communication},
  year      = {2009},
  month     = {aug},
  publisher = {{IEEE}},
  doi       = {10.1109/ICASID.2009.5276924},
}

@TechReport{report:new_speed_time_encryption_gpu,
  author      = {Rishabh Mukherjee and M. Suhail Rehman and Kishore Kothapalli and P. J. Narayanan and Kannan Srinathan},
  title       = {Presenting new Speed records and constant time encryption on the GPU},
  institution = {International Institute of Information Technology},
  year        = {2009},
}

@Comment{jabref-meta: databaseType:bibtex;}
